@misc{  3DES,
        title   = "Attacking Triple Encryption",
        institution = "University of Mannheim, Germany",
        author = "Stefan Lucks",
        note    = "Triple DES Meet in the Middle attack"
}
@misc{  meet,
        title   = "Meet-in-the-Middle Attacks",
        author = "Stephane Moore",
        institution = "StephaneMoore.com",
        note    = "Software Engineer at Google"
}
@misc { oper,
        title = "Evaluation of Some Blockcipher Modes of Operation",
        author = "Phillip Rogaway",
        institution = "CS University of California, Davis"
}
@misc{  cbc,
        title = "The Security of the Cipher Block Chaining Message Authentication Code",
        author = "Mihir Bellare, Joe Kilian, Phillip Rogaway",
        note = "Appears in Journal of Computer and System Sciences, Vol. 61, No.3, Dec 2000, pp. 362-399.Preliminary version was in Advances in Cryptology Crypto 94 Proceedings, Lecture Notes in Computer Science Vol. 839, Y. Desmedt ed., Springer-Verlag, 1994."
}

@misc{  cryptoeprint:2005:004,
        author = {Jacques Patarin and Audrey Montreuil},
        title = {Benes and Butterfly schemes revisited},
        howpublished = {Cryptology ePrint Archive, Report 2005/004},
        year = {2005},
        note = {\url{http://eprint.iacr.org/}},
}

@inproceedings{ krawczy,
                title={The order of encryption and authentication for protecting communications (or: How secure is SSL?)},
                author={Krawczyk, Hugo},
                booktitle={Advances in Cryptologyâ€”CRYPTO 2001},
                pages={310--331},
                year={2001},
                organization={Springer}
}
