@inproceedings{Stef,
 author = {Stefanov, Emil and van Dijk, Marten and Shi, Elaine and Fletcher, Christopher and Ren, Ling and Yu, Xiangyao and Devadas, Srinivas},
 title = {Path ORAM: An Extremely Simple Oblivious RAM Protocol},
 booktitle = {Proceedings of the 2013 ACM SIGSAC Conference on Computer \&\#38; Communications Security},
 series = {CCS '13},
 year = {2013},
 isbn = {978-1-4503-2477-9},
 location = {Berlin, Germany},
 pages = {299--310},
 numpages = {12},
 url = {http://doi.acm.org/10.1145/2508859.2516660},
 doi = {10.1145/2508859.2516660},
 acmid = {2516660},
 publisher = {ACM},
 address = {New York, NY, USA},
 keywords = {access pattern, oblivious ram, oram, path oram},
}

@Inbook{Hohen,
 author="Hohenberger, Susan
and Sahai, Amit
and Waters, Brent",
 editor="Nguyen, Phong Q.
and Oswald, Elisabeth",
 chapter="Replacing a Random Oracle: Full Domain Hash from Indistinguishability Obfuscation",
 title="Advances in Cryptology -- EUROCRYPT 2014: 33rd Annual International Conference on the Theory and Applications of Cryptographic Techniques, Copenhagen, Denmark, May 11-15, 2014. Proceedings",
 year="2014",
 publisher="Springer Berlin Heidelberg",
 address="Berlin, Heidelberg",
 pages="201--220",
 isbn="978-3-642-55220-5",
 doi="10.1007/978-3-642-55220-5_12",
 url="http://dx.doi.org/10.1007/978-3-642-55220-5_12"
}

@Inbook{Coron,
 author="Coron, Jean-S{\'e}bastien",
 editor="Bellare, Mihir",
 chapter="On the Exact Security of Full Domain Hash",
 title="Advances in Cryptology --- CRYPTO 2000: 20th Annual International Cryptology Conference Santa Barbara, California, USA, August 20--24, 2000 Proceedings",
 year="2000",
 publisher="Springer Berlin Heidelberg",
 address="Berlin, Heidelberg",
 pages="229--235",
 isbn="978-3-540-44598-2",
 doi="10.1007/3-540-44598-6_14",
 url="http://dx.doi.org/10.1007/3-540-44598-6_14"
}

