@misc{  FIPS,
        title   = "Security Policy for FIPS 140‐2 Validation",
        institution = "Microsoft",
        note    = "Enhanced DSS and Diffie‐Hellman Cryptographic Provider"
}

@inproceedings{ krawczy,
                title={The order of encryption and authentication for protecting communications (or: How secure is SSL?)},
                author={Krawczyk, Hugo},
                booktitle={Advances in Cryptology—CRYPTO 2001},
                pages={310--331},
                year={2001},
                organization={Springer}
}
